<?xml version="1.0" encoding="UTF-8"?><collection xmlns="http://www.loc.gov/MARC21/slim"><record><leader>00428nam--2200157-i-4500</leader><controlfield tag="001">000030508</controlfield><controlfield tag="002">20161230</controlfield><controlfield tag="005">20170113152101</controlfield><controlfield tag="008">060222s1000------------r-----000-0-eng-d</controlfield><datafield ind1=" " ind2=" " tag="100"><subfield code="a">Lynch, W. A</subfield></datafield><datafield ind1=" " ind2=" " tag="245"><subfield code="a">Principles of electronic instrumentation</subfield></datafield><datafield ind1=" " ind2=" " tag="260"><subfield code="a">New York</subfield><subfield code="b">Mcgraw-Hill Book Co., Inc</subfield><subfield code="c">1962</subfield></datafield><datafield ind1=" " ind2=" " tag="300"><subfield code="a">XV + 828 p</subfield></datafield><datafield ind1=" " ind2=" " tag="490"><subfield code="a">Brooklyn Polytechnic Inst.Series</subfield></datafield><datafield ind1=" " ind2=" " tag="852"><subfield code="a">17237</subfield></datafield><datafield ind1=" " ind2=" " tag="CAT"><subfield code="a">SYS</subfield><subfield code="c">20170113</subfield><subfield code="h">152101</subfield></datafield></record></collection>